<?xml version="1.0" encoding="UTF-8"?><collection xmlns="http://www.loc.gov/MARC21/slim"><record><leader>00397nam--2200157-i-4500</leader><controlfield tag="001">000008361</controlfield><controlfield tag="002">20161230</controlfield><controlfield tag="005">20170210204220</controlfield><controlfield tag="008">060222s1000------------r-----000-0-eng-d</controlfield><datafield ind1=" " ind2=" " tag="100"><subfield code="a">Dietz, George R</subfield></datafield><datafield ind1=" " ind2=" " tag="245"><subfield code="a">I-usaec food irradiator program</subfield></datafield><datafield ind1=" " ind2=" " tag="260"><subfield code="a">Washington</subfield><subfield code="b">Usaec</subfield><subfield code="c">/F.An</subfield></datafield><datafield ind1=" " ind2=" " tag="300"><subfield code="a">51 p.+30 p</subfield></datafield><datafield ind1=" " ind2=" " tag="700"><subfield code="a">Lafferty, Robert H</subfield></datafield><datafield ind1=" " ind2=" " tag="852"><subfield code="a">621.039.83</subfield></datafield><datafield ind1=" " ind2=" " tag="CAT"><subfield code="a">SYS</subfield><subfield code="c">20170210</subfield><subfield code="h">204220</subfield></datafield></record></collection>